@misc{guru_etl_2020,
	title = {{ETL} ({Extract}, {Transform}, and {Load}) {Process}},
	url = {https://www.guru99.com/etl-extract-load-process.html},
	urldate = {2020-04-01},
	author = {guru, 99},
	month = apr,
	year = {2020},
	file = {ETL (Extract, Transform, and Load) Process:C\:\\Users\\alena\\Zotero\\storage\\J6VMVS9G\\etl-extract-load-process.html:text/html}
}
@misc{scale_cassandra_2020,
	title = {Cassandra vs. {MongoDB}},
	url = {https://scalegrid.io/blog/cassandra-vs-mongodb/},
	urldate = {2020-04-01},
	author = {Scale, Grid},
	month = apr,
	year = {2020},
	file = {Cassandra vs. MongoDB:C\:\\Users\\alena\\Zotero\\storage\\ADXE6GH8\\cassandra-vs-mongodb.html:text/html}
}
@misc{ionis_dwh_2020,
	title = {{DWH} {\textbar} {Was} ist ein {Data}-{Warehouse}?},
	url = {https://www.ionos.at/digitalguide/online-marketing/web-analyse/dwh-was-ist-ein-data-warehouse/},
	abstract = {Data-Warehouse-Systeme: Mit diesen Software-Lösungen realisieren Sie Ihre individuelle Data-Warehouse-Architektur mit minimalem finanziellem Aufwand.},
	language = {at},
	urldate = {2020-04-01},
	journal = {IONOS Digitalguide},
	author = {Ionis, Digital Guide},
	month = apr,
	year = {2020},
	note = {Library Catalog: www.ionos.at},
	file = {Snapshot:C\:\\Users\\alena\\Zotero\\storage\\NA27WU4M\\dwh-was-ist-ein-data-warehouse.html:text/html}
}
@misc{amazon_was_2020,
	title = {Was ist {AWS}? {Sicheres} {Cloud} {Computing} mit {Amazon} {Web} {Services} ({AWS})},
	shorttitle = {Was ist {AWS}?},
	url = {https://aws.amazon.com/de/what-is-aws/},
	abstract = {Fragen Sie sich, was AWS ist? Amazon Web Services (AWS) ist eine sichere Plattform für Cloud Computing, die Rechenleistung, Datenbankspeicherung, Bereitstellen von Inhalten bietet. Entdecken Sie, sicheres Cloud Computing mit AWS und steigen Sie jetzt kostenlos ein.},
	language = {de-DE},
	urldate = {2020-04-01},
	journal = {Amazon Web Services, Inc.},
	author = {Amazon, Web Services},
	month = apr,
	year = {2020},
	note = {Library Catalog: aws.amazon.com},
	file = {Snapshot:C\:\\Users\\alena\\Zotero\\storage\\BF7K8EC7\\what-is-aws.html:text/html}
}
@misc{amazon_ec2_2020,
	title = {Was ist {Amazon} {EC2}? - {Amazon} {Elastic} {Compute} {Cloud}},
	url = {https://docs.aws.amazon.com/de_de/AWSEC2/latest/UserGuide/concepts.html},
	urldate = {2020-04-01},
	author = {Amazon, Web Services},
	month = apr,
	year = {2020},
	file = {Was ist Amazon EC2? - Amazon Elastic Compute Cloud:C\:\\Users\\alena\\Zotero\\storage\\85YLJKN7\\concepts.html:text/html}
}
@misc{bigdata_nosql_2020,
	title = {Was ist {NoSQL}?},
	url = {https://www.bigdata-insider.de/was-ist-nosql-a-615718/},
	abstract = {NoSQL steht für „Not only SQL“ und bezeichnet Datenbanksysteme, die einen nicht-relationalen Ansatz verfolgen. Diese Datenbanken, denen verschiedene Datenbankmodelle zugrunde liegen können, sind horizontal skalierbar und lassen sich für Big-Data-Anwendungen einsetzen.},
	language = {de},
	urldate = {2020-04-01},
	author = {Bigdata, Insider},
	month = apr,
	year = {2020},
	note = {Library Catalog: www.bigdata-insider.de},
	file = {Snapshot:C\:\\Users\\alena\\Zotero\\storage\\UUVD88XF\\was-ist-nosql-a-615718.html:text/html}
}
@misc{ionis_dokumentenorientierte_2020,
	title = {Dokumentenorientierte {Datenbank}},
	url = {https://www.ionos.de/digitalguide/hosting/hosting-technik/dokumentenorientierte-datenbank/},
	abstract = {Document Stores sind Datenbanken, die mit semistrukturierten Daten arbeiten. Klingt kompliziert? Ist es aber nicht. Diese Datenbanken bieten einige Vorteile.},
	language = {de},
	urldate = {2020-04-01},
	journal = {IONOS Digitalguide},
	author = {Ionis, Digital Guide},
	month = apr,
	year = {2020},
	note = {Library Catalog: www.ionos.de},
	file = {Snapshot:C\:\\Users\\alena\\Zotero\\storage\\KFW2HPNT\\dokumentenorientierte-datenbank.html:text/html}
}

@misc{mongodb_beliebteste_2020,
	title = {Die beliebteste {Datenbank} für moderne {Apps}},
	url = {https://www.mongodb.com/de},
	abstract = {Wir haben MongoDB entwickelt, die beliebteste Datenbank für moderne Apps, und MongoDB Atlas, die globale Clouddatenbank für AWS, Azure und GCP. So können Sie Daten praktisch überall in Echtzeit organisieren, nutzen und anreichern.},
	language = {en-us},
	urldate = {2020-04-01},
	journal = {MongoDB},
	author = {MongoDB},
	month = apr,
	year = {2020},
	note = {Library Catalog: www.mongodb.com},
	file = {Snapshot:C\:\\Users\\alena\\Zotero\\storage\\I4J2WXI4\\de.html:text/html}
}

@misc{jepsen_jepsen_2020,
	title = {Jepsen: {MongoDB}},
	url = {https://aphyr.com/posts/284-call-me-maybe-mongodb},
	urldate = {2020-04-01},
	author = {Jepsen},
	month = apr,
	year = {2020},
	file = {Jepsen\: MongoDB:C\:\\Users\\alena\\Zotero\\storage\\697C6MPV\\284-call-me-maybe-mongodb.html:text/html}
}

@misc{dbengines_wide_2020,
	title = {Wide {Column} {Stores} - {DB}-{Engines} {Enzyklopädie}},
	url = {https://db-engines.com/de/article/Wide+Column+Stores},
	urldate = {2020-04-01},
	author = {DBEngines},
	month = apr,
	year = {2020},
	file = {Wide Column Stores - DB-Engines Enzyklopädie:C\:\\Users\\alena\\Zotero\\storage\\HJCS4S5N\\Wide+Column+Stores.html:text/html}
}

@misc{bigdata_grundlagen_2020,
	title = {Grundlagen der {NoSQL}-{Datenbank} {Apache} {Cassandra}},
	url = {https://www.bigdata-insider.de/grundlagen-der-nosql-datenbank-apache-cassandra-a-512231/},
	abstract = {Cassandra zählt, neben MongoDB, zu den derzeit populärsten NoSQL-Datenbanken. Cassandra ist als skalierbares, ausfallsicheres System für den Umgang mit großen Datenmengen auf verteilten Systemen (Clustern) konzipiert. In drei Teilen erläutert BigData-Insider die architektonischen Merkmale von Cassandra, erklärt die Inbetriebnahme sowie grundlegende Prinzipien und illustriert erste Schritte mit der Abfragesprache Cassandra Query Language (CQL).},
	language = {de},
	urldate = {2020-04-01},
	author = {Bigdata, Insider},
	month = apr,
	year = {2020},
	note = {Library Catalog: www.bigdata-insider.de},
	file = {Snapshot:C\:\\Users\\alena\\Zotero\\storage\\SD7AY3PT\\grundlagen-der-nosql-datenbank-apache-cassandra-a-512231.html:text/html}
}
@misc{datenbanken_-memory-datenbank_2020,
	title = {In-{Memory}-{Datenbank} {Definition} \& {Erklärung} {\textbar} {Datenbank} {Lexikon}},
	url = {https://www.datenbanken-verstehen.de/lexikon/in-memory-datenbank/},
	abstract = {In-Memory-Datenbank In-Memory-Datenbanken, auch bekannt als IMDB oder Hauptspeicher-Datenbanken, werden für besonders großen Datenmengen eingesetzt, wo relationale Datenbanken an ihre Grenzen kommen. Sie legen Daten im …},
	language = {de-DE},
	urldate = {2020-04-01},
	journal = {Datenbanken - für Anfänger und Profis},
	author = {Datenbanken, Verstehen},
	month = apr,
	year = {2020},
	note = {Library Catalog: www.datenbanken-verstehen.de},
	file = {Snapshot:C\:\\Users\\alena\\Zotero\\storage\\M5T7ESWE\\in-memory-datenbank.html:text/html}
}
@misc{amazon_redis_2020,
	title = {Redis: {In}-{Memory}-{Datenspeicher}. {Wie} es funktioniert und warum {Sie} es nutzen sollten},
	shorttitle = {Redis},
	url = {https://aws.amazon.com/de/redis/},
	abstract = {Redis ist ein Open Source In-Memory-Datenspeicher, der Reaktionszeiten unterhalb des Millisekundenbereiches bietet. Zu den wichtigsten Anwendungsbeispielen gehören: Caching, Sitzungsspeicher, Bestenlisten, Pub/Sub und mehr.},
	language = {de-DE},
	urldate = {2020-04-01},
	journal = {Amazon Web Services, Inc.},
	author = {Amazon, Web Services},
	month = apr,
	year = {2020},
	note = {Library Catalog: aws.amazon.com},
	file = {Snapshot:C\:\\Users\\alena\\Zotero\\storage\\JJQWX7GV\\redis.html:text/html}
}
@misc{computer_funktionen_2020,
	title = {Die {Funktionen} des {Aerospike} {NoSQL}-{Datenbank}-{Management}-{Systems} ({DBMS})},
	url = {https://www.computerweekly.com/de/ratgeber/Die-Funktionen-des-Aerospike-NoSQL-Datenbank-Management-Systems-DBMS},
	abstract = {Aerospike ist ein In-Memory NoSQL Datenbank-Management-System auf Open-Source-Basis mit nur wenigen Millisekunden Antwortzeit für Echtzeit-Big-Data-Anwendungen.},
	language = {de},
	urldate = {2020-04-01},
	journal = {ComputerWeekly.de},
	author = {Computer, Weekly},
	month = apr,
	year = {2020},
	note = {Library Catalog: www.computerweekly.com},
	file = {Snapshot:C\:\\Users\\alena\\Zotero\\storage\\ML3NM5ZS\\Die-Funktionen-des-Aerospike-NoSQL-Datenbank-Management-Systems-DBMS.html:text/html}
}
@misc{tarantool_tarantool_2020,
	title = {Tarantool {Data} {Integration} {Platform}},
	url = {https://www.tarantool.io/},
	urldate = {2020-04-01},
	author = {Tarantool},
	month = apr,
	year = {2020},
	note = {Library Catalog: www.tarantool.io},
	file = {Snapshot:C\:\\Users\\alena\\Zotero\\storage\\YT6JVQ2B\\developers.html:text/html}
}
@misc{data_spark_2020,
	title = {Was ist eigentlich {Apache} {Spark}? – {Data} {Science} {Blog}},
	shorttitle = {Was ist eigentlich {Apache} {Spark}?},
	url = {https://data-science-blog.com/blog/2016/08/03/was-ist-eigentlich-apache-spark/},
	language = {en-US},
	urldate = {2020-04-01},
	author = {Data, Science Blog},
	month = apr,
	year = {2020},
	note = {Library Catalog: data-science-blog.com},
	file = {Snapshot:C\:\\Users\\alena\\Zotero\\storage\\HUS8MA34\\was-ist-eigentlich-apache-spark.html:text/html}
}
@misc{bigdata_python_2020,
	title = {Was ist {Python}?},
	url = {https://www.bigdata-insider.de/was-ist-python-a-730480/},
	abstract = {Python ist eine Programmiersprache, die dank ihrer klaren Syntax und einfachen Lesbarkeit leicht zu erlernen ist und sich sehr vielseitig einsetzen lässt. Für die gängigen Betriebssysteme ist Python frei verfügbar. Die üblichen Programmierparadigmen wie die objektorientierte oder funktionale Programmierung werden unterstützt.},
	language = {de},
	urldate = {2020-04-01},
	author = {Bigdata, Insider},
	month = apr,
	year = {2020},
	note = {Library Catalog: www.bigdata-insider.de}
}
@misc{python_pep_2020,
	title = {{PEP} 20 -- {The} {Zen} of {Python}},
	url = {https://www.python.org/dev/peps/pep-0020/},
	abstract = {The official home of the Python Programming Language},
	language = {en},
	urldate = {2020-04-01},
	journal = {Python.org},
	author = {Python},
	month = apr,
	year = {2020},
	note = {Library Catalog: www.python.org},
	file = {Snapshot:C\:\\Users\\alena\\Zotero\\storage\\3C3YDIS2\\pep-0020.html:text/html}
}
@misc{says_pyspark_2020,
	title = {What is {PySpark}? - {Apache} {Spark} with {Python} - {Intellipaat}},
	shorttitle = {What is {PySpark}?},
	url = {https://intellipaat.com/blog/tutorial/spark-tutorial/pyspark-tutorial/},
	abstract = {PySpark tutorial helps you understand 'what is PySpark?' and its installation \& configuration. PySpark is a Python API released by Apache Spark community.},
	language = {en-US},
	urldate = {2020-04-01},
	journal = {Intellipaat Blog},
	author = {says},
	month = apr,
	year = {2020},
	note = {Library Catalog: intellipaat.com},
	file = {Snapshot:C\:\\Users\\alena\\Zotero\\storage\\ZHYW5E3F\\pyspark-tutorial.html:text/html}
}

@misc{redislabs_rejson_2020,
	title = {{ReJSON} - {Use} {Redis} as a {JSON} {Store}},
	url = {https://redislabs.com/blog/redis-as-a-json-store/},
	abstract = {In the past, Redis was unable to handle JSON values. Enter ReJSON. This module provides a new data type that is tailored for fast and efficient manipulation of JSON documents and should make any Redis user giddy with JSON joy. Find out more about ReJSON here.},
	language = {en-US},
	urldate = {2020-04-01},
	journal = {Redis Labs},
	author = {Redislabs},
	month = apr,
	year = {2020},
	note = {Library Catalog: redislabs.com
Section: Tech}
}
@misc{oracle_schema_2020,
	title = {Schema {Modeling} {Techniques}},
	url = {https://docs.oracle.com/cd/B10500_01/server.920/a96520/schemas.htm},
	urldate = {2020-04-01},
	author = {oracle},
	month = apr,
	year = {2020}
}
@misc{jepsen_cassandra_2020,
	title = {Jepsen: {Cassandra}},
	url = {https://aphyr.com/posts/294-call-me-maybe-cassandra},
	urldate = {2020-04-01},
	author = {Jepsen},
	month = apr,
	year = {2020}
}