
@misc{noauthor_indices_2019,
	type = {Learn/{Docs}/{Elasticsearch}/{Reference}/7.2},
	title = {Indices {Einstellungen} updaten},
	url = {https://www.elastic.co/guide/en/elasticsearch/reference/7.2/indices-update-settings.html},
	abstract = {Get started with the documentation for Elasticsearch, Kibana, Logstash, Beats, X-Pack, Elastic Cloud, Elasticsearch for Apache Hadoop, and our language clients.,},
	language = {en-us},
	urldate = {2019-08-01},
	month = aug,
	year = {2019},
	file = {Snapshot:files/2/indices-update-settings.html:text/html}
}

@misc{noauthor_wie_2019,
	type = {Learn/{Docs}/{Elasticsearch}/{Reference}/7.2},
	title = {Wie man ein {Mapping} erstellt},
	url = {https://www.elastic.co/guide/en/elasticsearch/reference/7.2/indices-put-mapping.html},
	abstract = {Get started with the documentation for Elasticsearch, Kibana, Logstash, Beats, X-Pack, Elastic Cloud, Elasticsearch for Apache Hadoop, and our language clients.,},
	language = {en-us},
	urldate = {2019-08-01},
	month = aug,
	year = {2019},
	file = {Snapshot:files/4/indices-put-mapping.html:text/html}
}

@misc{noauthor_mapping_2019,
	type = {Learn/{Docs}/{Elasticsearch}/{Reference}/7.2},
	title = {Mapping eigenschaften},
	url = {https://www.elastic.co/guide/en/elasticsearch/reference/7.2/mapping.html},
	abstract = {Get started with the documentation for Elasticsearch, Kibana, Logstash, Beats, X-Pack, Elastic Cloud, Elasticsearch for Apache Hadoop, and our language clients.,},
	language = {en-us},
	urldate = {2019-08-01},
	month = aug,
	year = {2019},
	file = {Snapshot:files/6/mapping.html:text/html}
}

@misc{noauthor_index_2015,
	title = {Index naming convention},
	url = {https://discuss.elastic.co/t/best-practice-index-naming/38007},
	abstract = {myIndex\_yyyy.mm.dd},
	language = {en-US},
	urldate = {2019-08-01},
	journal = {Discuss the Elastic Stack},
	month = dec,
	year = {2015},
	file = {Snapshot:files/8/38007.html:text/html}
}

@misc{noauthor_wie_2019-1,
	type = {Learn/{Docs}/{Elasticsearch}/{Reference}/7.2},
	title = {Wie man ein {Document} in nem {Index} mit {REST} erstellt},
	url = {https://www.elastic.co/guide/en/elasticsearch/reference/7.2/docs-index_.html},
	abstract = {Get started with the documentation for Elasticsearch, Kibana, Logstash, Beats, X-Pack, Elastic Cloud, Elasticsearch for Apache Hadoop, and our language clients.,},
	language = {en-us},
	urldate = {2019-08-01},
	month = aug,
	year = {2019},
	file = {Snapshot:files/10/docs-index_.html:text/html}
}

@misc{noauthor_wie_2019-2,
	type = {Learn/{Docs}/{Elasticsearch}/{Reference}/7.2},
	title = {Wie man einen {Index} mit {REST} erstellt},
	url = {https://www.elastic.co/guide/en/elasticsearch/reference/7.2/indices-create-index.html},
	abstract = {Get started with the documentation for Elasticsearch, Kibana, Logstash, Beats, X-Pack, Elastic Cloud, Elasticsearch for Apache Hadoop, and our language clients.,},
	language = {en-us},
	urldate = {2019-08-01},
	month = aug,
	year = {2019}
}

@misc{noauthor_cannot_2019,
	title = {Cannot start service web: {OCI} runtime create failed · {Issue} \#8 · friendica/docker},
	shorttitle = {Cannot start service web},
	url = {https://github.com/friendica/docker/issues/8},
	abstract = {By using the docker-compose example for \&quot;Base version - FPM\&quot; I got an error while firing up the containers: ERROR: for friendica\_web\_1 Cannot start service web: OCI runtime create failed:...},
	language = {en},
	urldate = {2019-07-31},
	journal = {GitHub},
	month = jul,
	year = {2019},
	file = {Snapshot:files/13/8.html:text/html}
}

@misc{lapenna_elk_2019,
	title = {The {ELK} stack powered by {Docker} and {Compose}. {Contribute} to deviantony/docker-elk development by creating an account on {GitHub}},
	copyright = {MIT},
	url = {https://github.com/deviantony/docker-elk},
	urldate = {2019-07-31},
	author = {Lapenna, Anthony},
	month = jul,
	year = {2019},
	note = {original-date: 2014-11-18T20:07:47Z}
}

@misc{noauthor_elasticsearch_2017,
	title = {Elasticsearch {REST} {API}, {Overview} and {Tips}},
	url = {https://logz.io/blog/elasticsearch-api/},
	abstract = {This article will try and provide an overview of the main API calls that you should get acquainted with as you get started with Elasticsearch.},
	language = {en-US},
	urldate = {2019-07-31},
	journal = {Logz.io},
	month = oct,
	year = {2017},
	file = {Snapshot:files/16/elasticsearch-api.html:text/html}
}

@misc{noauthor_useful_2016,
	title = {A {Useful} {Elasticsearch} {Cheat} {Sheet} in {Times} of {Trouble}},
	url = {https://logz.io/blog/elasticsearch-cheat-sheet/},
	abstract = {Instead of going through Elasticsearch’s documentation yet another time or looking at random Stack Overflow answers, just save this in your favorites!},
	language = {en-US},
	urldate = {2019-07-31},
	journal = {Logz.io},
	month = apr,
	year = {2016},
	file = {Snapshot:files/18/elasticsearch-cheat-sheet.html:text/html}
}

@misc{noauthor_get_2019,
	type = {Learn/{Docs}/{Elasticsearch}/{Reference}/7.2},
	title = {Get {Mapping} {\textbar} {Elasticsearch} {Reference} [7.2] {\textbar} {Elastic}},
	url = {https://www.elastic.co/guide/en/elasticsearch/reference/current/indices-get-mapping.html},
	abstract = {Get started with the documentation for Elasticsearch, Kibana, Logstash, Beats, X-Pack, Elastic Cloud, Elasticsearch for Apache Hadoop, and our language clients.,},
	language = {en-us},
	urldate = {2019-07-31},
	month = jul,
	year = {2019},
	file = {Snapshot:files/21/indices-get-mapping.html:text/html}
}

@misc{noauthor_glossary_2019,
	type = {Learn/{Docs}/{Elasticsearch}/{Reference}/7.2},
	title = {Glossary of terms {\textbar} {Elasticsearch} {Reference} [7.2] {\textbar} {Elastic}},
	url = {https://www.elastic.co/guide/en/elasticsearch/reference/current/glossary.html#glossary-index},
	abstract = {Get started with the documentation for Elasticsearch, Kibana, Logstash, Beats, X-Pack, Elastic Cloud, Elasticsearch for Apache Hadoop, and our language clients.,},
	language = {en-us},
	urldate = {2019-07-31},
	month = jul,
	year = {2019},
	file = {Snapshot:files/23/glossary.html:text/html}
}

@misc{noauthor_list_2019,
	type = {Learn/{Docs}/{Elasticsearch}/{Reference}/6.1},
	title = {List {All} {Indices} {\textbar} {Elasticsearch} {Reference} [6.1] {\textbar} {Elastic}},
	url = {https://www.elastic.co/guide/en/elasticsearch/reference/6.1/_list_all_indices.html},
	abstract = {Get started with the documentation for Elasticsearch, Kibana, Logstash, Beats, X-Pack, Elastic Cloud, Elasticsearch for Apache Hadoop, and our language clients.,},
	language = {en-us},
	urldate = {2019-07-31},
	month = jul,
	year = {2019},
	file = {Snapshot:files/25/_list_all_indices.html:text/html}
}

@misc{noauthor_search_2019,
	type = {Learn/{Docs}/{Elasticsearch}/{Reference}/7.2},
	title = {Search {\textbar} {Elasticsearch} {Reference} [7.2] {\textbar} {Elastic}},
	url = {https://www.elastic.co/guide/en/elasticsearch/reference/current/search-search.html},
	abstract = {Get started with the documentation for Elasticsearch, Kibana, Logstash, Beats, X-Pack, Elastic Cloud, Elasticsearch for Apache Hadoop, and our language clients.,},
	language = {en-us},
	urldate = {2019-07-31},
	month = jul,
	year = {2019}
}

@misc{noauthor_getting_2019,
	type = {Learn/{Docs}/{Kibana}/{Reference}/4.4},
	title = {Getting {Kibana} {Up} and {Running} {\textbar} {Kibana} {User} {Guide} [4.4] {\textbar} {Elastic}},
	url = {https://www.elastic.co/guide/en/kibana/4.4/setup.html},
	abstract = {Get started with the documentation for Elasticsearch, Kibana, Logstash, Beats, X-Pack, Elastic Cloud, Elasticsearch for Apache Hadoop, and our language clients.,},
	language = {en-us},
	urldate = {2019-07-30},
	month = jul,
	year = {2019},
	file = {Snapshot:files/28/setup.html:text/html}
}

@misc{noauthor_defining_2019,
	type = {Learn/{Docs}/{Kibana}/{Reference}/4.4},
	title = {Defining {Your} {Index} {Patterns} {\textbar} {Kibana} {User} {Guide} [4.4] {\textbar} {Elastic}},
	url = {https://www.elastic.co/guide/en/kibana/4.4/tutorial-define-index.html},
	abstract = {Get started with the documentation for Elasticsearch, Kibana, Logstash, Beats, X-Pack, Elastic Cloud, Elasticsearch for Apache Hadoop, and our language clients.,},
	language = {en-us},
	urldate = {2019-07-30},
	month = jul,
	year = {2019}
}

@misc{noauthor_practical_2018,
	title = {A {Practical} {Introduction} to {Logstash}},
	url = {https://www.elastic.co/blog/a-practical-introduction-to-logstash},
	abstract = {In dieser Einführung erfahren Sie, wie Sie Logstash für die Entwicklung einer Konfiguration für das Parsen und Einspeisen von Zugriffsprotokollen in Elasticsear},
	language = {de-de},
	urldate = {2019-07-30},
	journal = {Elastic Blog},
	month = may,
	year = {2018},
	file = {Snapshot:files/31/a-practical-introduction-to-logstash.html:text/html}
}

@misc{noauthor_installing_2018,
	title = {Installing the {ELK} {Stack} on {Docker}},
	url = {https://logz.io/blog/elk-stack-on-docker/},
	abstract = {The ELK Stack can be installed on a variety of different operating systems and in various different setups. Here's how to install the ELK Stack on Docker using your Mac.},
	language = {en-US},
	urldate = {2019-07-30},
	journal = {Logz.io},
	month = feb,
	year = {2018},
	file = {Snapshot:files/33/elk-stack-on-docker.html:text/html}
}

@misc{lapenna_elk_2019-1,
	title = {The {ELK} stack powered by {Docker} and {Compose}. {Contribute} to deviantony/docker-elk development by creating an account on {GitHub}},
	url = {https://github.com/deviantony/docker-elk},
	urldate = {2019-07-30},
	author = {Lapenna, Anthony},
	month = jul,
	year = {2019},
	note = {original-date: 2014-11-18T20:07:47Z}
}

@misc{noauthor_logastash_2019,
	title = {Logastash {Homepage}},
	shorttitle = {Logstash},
	url = {https://www.elastic.co/de/products/logstash},
	abstract = {Mit dieser flexiblen Open-Source-Pipeline zum Erfassen, Parsen und Anreichern von Daten lassen sich Daten aus jeder Quelle und in jedem Format einfach und schnell integrieren. Kostenlos herunterladen.},
	language = {de-de},
	urldate = {2019-07-25},
	month = jul,
	year = {2019},
	file = {Snapshot:files/36/logstash.html:text/html}
}

@misc{noauthor_logstash_2015,
	title = {Logstash {REST} {Tutorial}},
	url = {https://www.elastic.co/blog/introducing-logstash-input-http-plugin},
	abstract = {undefined},
	language = {de-de},
	urldate = {2019-07-25},
	journal = {Elastic Blog},
	month = jul,
	year = {2015},
	file = {Snapshot:files/38/introducing-logstash-input-http-plugin.html:text/html}
}

@misc{hassanbeygi_use_2018,
	title = {use logstash to send rancher container logs to {ELK}},
	url = {https://medium.com/@b3hroozam/use-logstash-to-send-rancher-container-logs-to-elk-829f3dcf2042},
	abstract = {first of all you need elk stack in your rancher cluster i prefer my catalog ( docker-compose and rancher compose ) instead of official or…},
	language = {en},
	urldate = {2019-07-25},
	journal = {Medium},
	author = {hassanbeygi, Behrooz},
	month = aug,
	year = {2018},
	file = {Snapshot:files/42/use-logstash-to-send-rancher-container-logs-to-elk-829f3dcf2042.html:text/html}
}

@misc{noauthor_getting_2019-1,
	type = {Learn/{Docs}/{Kibana}/{Reference}/4.4},
	title = {Getting {Started} with {Kibana} {\textbar} {Kibana} {User} {Guide} [4.4] {\textbar} {Elastic}},
	url = {https://www.elastic.co/guide/en/kibana/4.4/getting-started.html},
	abstract = {Get started with the documentation for Elasticsearch, Kibana, Logstash, Beats, X-Pack, Elastic Cloud, Elasticsearch for Apache Hadoop, and our language clients.,},
	language = {en-us},
	urldate = {2019-07-25},
	month = jul,
	year = {2019},
	annote = {Nach der installation von ES v.2 und Kibana 4.4}
}

@misc{noauthor_elasticsearch_0700,
	title = {Elasticsearch {Cluster} {Deployment} using {Rancher} {Catalog}},
	url = {https://rancher.com/deploying-an-elasticsearch-cluster-using-rancher-catalog/},
	language = {en-US},
	urldate = {2019-07-24},
	journal = {Rancher Labs},
	year = {0700},
	annote = {Durch diese seite hab ich großteils den ersten teil(elasticsearch) aufsetzen können. Ein großes problem war aber das ich die Nodes nicht skalieren konnte weil es errors warf das ich ein label nicht so benennen darf wie es im tutorial aber vorgegeben war. Beide versionen die im Catalog von rancher zu finden waren funktionierten nicht}
}

@misc{noauthor_running_0700,
	title = {Running {Elasticsearch} on {Rancher}},
	url = {https://rancher.com/running-elasticsearch-on-rancher/},
	language = {en-US},
	urldate = {2019-07-24},
	journal = {Rancher Labs},
	year = {0700}
}

@misc{rancher_labs_managing_2015,
	title = {Managing {Docker} {Logs} with {ELK}, {Docker} and {Rancher} - {September} 2015 {Online} {Meetup}},
	url = {https://www.youtube.com/watch?v=OD7SKa87Dsg},
	abstract = {Container Logging: How to manage container logs and build an ELK service using Docker and Rancher

A common challenge for container deployments is how to handle logging.  Logging with containers is a bit different than traditional logging, because the logs for each container are nested within the container.  In our September online-meetup, we discussed all aspects of logging with containers, and demonstrate how to build a scalable logging service with Docker and Rancher that uses Elasticsearch, Logspout and Kibana (ELK).

In the meetup we covered:
• Rancher Overview
• Challenges containers present for logging
• Options for gathering logs from containers
• Deploying ELK as a Docker Service with Rancher
• Scaling and managing a production ELK deployment},
	urldate = {2019-07-23},
	author = {{Rancher Labs}},
	month = sep,
	year = {2015}
}

@misc{noauthor_json_2019,
	title = {{JSON} plugin for {Grafana}},
	url = {https://grafana.com/grafana/plugins/simpod-json-datasource},
	abstract = {JSON over HTTP datasource},
	language = {en-US},
	urldate = {2019-07-23},
	journal = {Grafana Labs},
	month = jul,
	year = {2019},
	file = {Snapshot:files/52/simpod-json-datasource.html:text/html}
}

@misc{noauthor_mictest_2019,
	title = {mictest {Plugins}},
	url = {https://grafana.com/orgs/mictest/plugins},
	abstract = {Data visualization \& monitoring with support for Graphite, InfluxDB, Prometheus, Elasticsearch and many more databases},
	language = {en-US},
	urldate = {2019-07-23},
	journal = {Grafana Labs},
	month = jul,
	year = {2019},
	annote = { 
Grafana Account PAge
Login required
 },
	file = {Snapshot:files/55/plugins.html:text/html}
}

@misc{noauthor_grafana_2019,
	title = {Grafana {Features}},
	url = {https://grafana.com/grafana},
	abstract = {Grafana Feature overview, screenshots, videos, feature tours},
	language = {en-US},
	urldate = {2019-07-23},
	journal = {Grafana Labs},
	month = jul,
	year = {2019},
	file = {Snapshot:files/57/grafana.html:text/html}
}

@misc{noauthor_13_2019,
	title = {13 - {Numpy} {Arrays} - {Learn} {Python} - {Free} {Interactive} {Python} {Tutorial}},
	url = {https://www.learnpython.org/},
	abstract = {learnpython.org is a free interactive Python tutorial for people who want to learn Python, fast.},
	urldate = {2019-07-22},
	month = jul,
	year = {2019},
	file = {Snapshot:files/59/Numpy_Arrays.html:text/html}
}

@misc{noauthor_12_2019,
	title = {12 - {Modules} and {Packages} - {Learn} {Python} - {Free} {Interactive} {Python} {Tutorial}},
	url = {https://www.learnpython.org/},
	abstract = {learnpython.org is a free interactive Python tutorial for people who want to learn Python, fast.},
	urldate = {2019-07-22},
	month = jul,
	year = {2019},
	file = {Snapshot:files/61/Modules_and_Packages.html:text/html}
}

@misc{noauthor_11_2019,
	title = {11 - {Dictionaries} - {Learn} {Python} - {Free} {Interactive} {Python} {Tutorial}},
	url = {https://www.learnpython.org/},
	abstract = {learnpython.org is a free interactive Python tutorial for people who want to learn Python, fast.},
	urldate = {2019-07-22},
	month = jul,
	year = {2019},
	file = {Snapshot:files/63/Dictionaries.html:text/html}
}

@misc{noauthor_10_2019,
	title = {10 - {Classes} and {Objects} - {Learn} {Python} - {Free} {Interactive} {Python} {Tutorial}},
	url = {https://www.learnpython.org/en/Classes_and_Objects},
	urldate = {2019-07-22},
	month = jul,
	year = {2019},
	file = {Classes and Objects - Learn Python - Free Interactive Python Tutorial:files/65/Classes_and_Objects.html:text/html}
}

@misc{noauthor_9_2019,
	title = {9 - {Functions} - {Learn} {Python} - {Free} {Interactive} {Python} {Tutorial}},
	url = {https://www.learnpython.org/},
	abstract = {learnpython.org is a free interactive Python tutorial for people who want to learn Python, fast.},
	urldate = {2019-07-19},
	month = jul,
	year = {2019},
	file = {Snapshot:files/67/Functions.html:text/html}
}

@misc{noauthor_3_2019,
	title = {3 - {Lists} - {Learn} {Python} - {Free} {Interactive} {Python} {Tutorial}},
	url = {https://www.learnpython.org/},
	abstract = {learnpython.org is a free interactive Python tutorial for people who want to learn Python, fast.},
	urldate = {2019-07-19},
	month = jul,
	year = {2019},
	file = {Snapshot:files/69/Lists.html:text/html}
}

@misc{noauthor_8_2019,
	title = {8 - {Loops} - {Learn} {Python} - {Free} {Interactive} {Python} {Tutorial}},
	url = {https://www.learnpython.org/},
	abstract = {learnpython.org is a free interactive Python tutorial for people who want to learn Python, fast.},
	urldate = {2019-07-19},
	month = jul,
	year = {2019},
	file = {Snapshot:files/71/Loops.html:text/html}
}

@misc{noauthor_7_2019,
	title = {7 - {Conditions} - {Learn} {Python} - {Free} {Interactive} {Python} {Tutorial}},
	url = {https://www.learnpython.org/},
	abstract = {learnpython.org is a free interactive Python tutorial for people who want to learn Python, fast.},
	urldate = {2019-07-19},
	month = jul,
	year = {2019},
	file = {Snapshot:files/73/Conditions.html:text/html}
}

@misc{noauthor_6_2019,
	title = {6 - {Basic} {String} {Operations} - {Learn} {Python} - {Free} {Interactive} {Python} {Tutorial}},
	url = {https://www.learnpython.org/},
	abstract = {learnpython.org is a free interactive Python tutorial for people who want to learn Python, fast.},
	urldate = {2019-07-19},
	month = jul,
	year = {2019},
	file = {Snapshot:files/75/Basic_String_Operations.html:text/html}
}

@misc{noauthor_5_2019,
	title = {5 - {String} {Formatting} - {Learn} {Python} - {Free} {Interactive} {Python} {Tutorial}},
	url = {https://www.learnpython.org/en/String_Formatting},
	urldate = {2019-07-19},
	month = jul,
	year = {2019},
	file = {String Formatting - Learn Python - Free Interactive Python Tutorial:files/77/String_Formatting.html:text/html}
}

@misc{noauthor_4_2019,
	title = {4 - {Basic} {Operators} - {Learn} {Python} - {Free} {Interactive} {Python} {Tutorial}},
	url = {https://www.learnpython.org/},
	abstract = {learnpython.org is a free interactive Python tutorial for people who want to learn Python, fast.},
	urldate = {2019-07-19},
	month = jul,
	year = {2019},
	file = {Snapshot:files/79/Basic_Operators.html:text/html}
}

@misc{noauthor_2_2019,
	title = {2 - {Variables} and {Types} - {Learn} {Python} - {Free} {Interactive} {Python} {Tutorial}},
	url = {https://www.learnpython.org/},
	abstract = {learnpython.org is a free interactive Python tutorial for people who want to learn Python, fast.},
	urldate = {2019-07-19},
	month = jul,
	year = {2019},
	file = {Snapshot:files/81/Variables_and_Types.html:text/html}
}

@misc{noauthor_1_2019,
	title = {1 - {Hello}, {World}! - {Learn} {Python} - {Free} {Interactive} {Python} {Tutorial}},
	url = {https://www.learnpython.org/},
	abstract = {learnpython.org is a free interactive Python tutorial for people who want to learn Python, fast.},
	urldate = {2019-07-19},
	month = jul,
	year = {2019},
	file = {Snapshot:files/83/Hello,_World!.html:text/html}
}

@misc{noauthor_rest_2019,
	title = {{REST} - {Gute} {Request} beschreibungen},
	url = {https://www.cloudcomputing-insider.de/was-ist-eine-rest-api-a-611116/},
	abstract = {REST steht für REpresentational State Transfer, API für Application Programming Interface. Gemeint ist damit ein Programmierschnittstelle, die sich an den Paradigmen und Verhalten des World Wide Web (WWW) orientiert und einen Ansatz für die Kommunikation zwischen Client und Server in Netzwerken beschreibt.},
	language = {de},
	urldate = {2019-07-18},
	month = jul,
	year = {2019}
}

@misc{noauthor_rest_2019-1,
	title = {{REST} {Wikipedia} {Inspiration}},
	copyright = {Creative Commons Attribution-ShareAlike License},
	url = {https://en.wikipedia.org/w/index.php?title=Representational_state_transfer&oldid=906081643},
	language = {en},
	urldate = {2019-07-18},
	journal = {Wikipedia},
	month = jul,
	year = {2019},
	note = {Page Version ID: 906081643},
	file = {Snapshot:files/86/index.html:text/html}
}

@misc{noauthor_downloads_2019,
	title = {Downloads {\textbar} {Microsoft} {Power} {BI}},
	url = {https://powerbi.microsoft.com/de-de/downloads/},
	urldate = {2019-07-17},
	month = jul,
	year = {2019},
	file = {Downloads | Microsoft Power BI:files/88/downloads.html:text/html}
}

@misc{rkarlin_what_2019,
	title = {What can {I} do with the {Power} {BI} {API} - {Power} {BI}},
	url = {https://docs.microsoft.com/en-us/power-bi/developer/overview-of-power-bi-rest-api},
	abstract = {What can I do with the Power BI API},
	language = {en-us},
	urldate = {2019-07-17},
	author = {{rkarlin}},
	month = jul,
	year = {2019},
	file = {Snapshot:files/90/overview-of-power-bi-rest-api.html:text/html}
}

@misc{rkarlin_push_2019,
	title = {Push data into a dataset - {Power} {BI}},
	url = {https://docs.microsoft.com/en-us/power-bi/developer/walkthrough-push-data},
	abstract = {Push data into a Power BI dataset},
	language = {en-us},
	urldate = {2019-07-17},
	author = {{rkarlin}},
	month = jul,
	year = {2019},
	file = {Snapshot:files/92/walkthrough-push-data.html:text/html}
}

@misc{rkarlin_registrieren_2019,
	title = {Registrieren einer {App} zum {Einbetten} von {Power} {BI}-{Inhalten} - {Power} {BI}},
	url = {https://docs.microsoft.com/de-de/power-bi/developer/register-app},
	abstract = {Erfahren Sie, wie Sie eine Anwendung zum Einbetten von Power BI-Inhalten in Azure Active Directory registrieren können.},
	language = {de-de},
	urldate = {2019-07-17},
	author = {{rkarlin}},
	month = jul,
	year = {2019},
	file = {Snapshot:files/94/register-app.html:text/html}
}

@misc{noauthor_power_2019,
	title = {Power {BI} {Testdatensätze}},
	url = {https://www.superdatascience.com/pages/powerbi},
	urldate = {2019-07-17},
	month = jul,
	year = {2019},
	file = {Power BI Course\: Download Practice Datasets - SuperDataScience Pages - Big Data | Analytics Careers | Mentors | Success:files/96/powerbi.html:text/html}
}

@misc{davidiseminger_use_2019,
	title = {Use insights to find where distribution is different ({Preview}) - {Power} {BI}},
	url = {https://docs.microsoft.com/en-us/power-bi/desktop-insights-find-where-different},
	abstract = {Easily gain insights to find where a distribution seen in a chart is different in Power BI Desktop},
	language = {en-us},
	urldate = {2019-07-17},
	author = {{davidiseminger}},
	month = jul,
	year = {2019},
	file = {Snapshot:files/98/desktop-insights-find-where-different.html:text/html}
}

@misc{noauthor_power_2019-1,
	title = {Power {BI} {Homepage}},
	url = {https://powerbi.microsoft.com/de-de/},
	urldate = {2019-07-17},
	month = jul,
	year = {2019},
	file = {Power BI | Interaktive BI-Tools für die Datenvisualisierung:files/100/de-de.html:text/html}
}

@misc{noauthor_powerbi_2019,
	title = {{PowerBI} {Preise}},
	url = {https://powerbi.microsoft.com/de-de/pricing/},
	urldate = {2019-07-17},
	month = jul,
	year = {2019},
	file = {Preis- und Produktvergleich | Microsoft Power BI:files/102/pricing.html:text/html}
}

@misc{noauthor_elasticsearch_2019,
	title = {Elasticsearch homepage},
	shorttitle = {Elasticsearch},
	url = {https://www.elastic.co/products/elasticsearch},
	abstract = {Distributed, open source search and analytics engine designed for horizontal scalability, reliability, and easy management. Download for free.},
	language = {en-us},
	urldate = {2019-07-16},
	month = jul,
	year = {2019},
	annote = {benutzt um im comparisson doc. elastic search zu erklären
 },
	file = {Snapshot:files/105/elasticsearch.html:text/html}
}

@misc{qlik_using_2017,
	title = {Using the {Qlik} {REST} {Connector} - {Pagination} and {Multiple} {JSON} {Schemas}},
	url = {https://www.youtube.com/watch?v=QlCT55_712I},
	abstract = {Blog and Resources: https://community.qlik.com/blogs/qlik... - this video shows how to use the Qlik REST Connector to access a freely available REST API https://www.swapi.co/about - and covers how to link multiple JSON schemas together so you can analyze the data in Qlik Sense. The media box extension can be found here: http://branch.qlik.com/\#!/project/57a...},
	urldate = {2019-07-15},
	author = {{Qlik}},
	month = feb,
	year = {2017},
	annote = {Tutorial für die Qlik Rest api anhand des beispiels mit einer StarWars Api}
}

@misc{noauthor_swapi_2019,
	title = {{SWAPI} - {The} {Star} {Wars} {API}},
	url = {https://swapi.co/},
	urldate = {2019-07-15},
	month = jul,
	year = {2019},
	annote = {Verwendet zum Testen der Qlik REST API},
	file = {SWAPI - The Star Wars API:files/110/swapi.co.html:text/html}
}

@misc{noauthor_qlik_nodate,
	title = {Qlik {API} and {Analytic} {Sheet} {Download} {Site}},
	url = {https://www.qlik.com/de-de/products/qlik-analytics-platform}
}

@misc{noauthor_qlik_2019,
	title = {Qlik {Lernvideos}},
	url = {https://qcc.qlik.com/course/view.php?id=1274},
	urldate = {2019-07-11},
	month = jul,
	year = {2019},
	file = {Course\: A Quick Tour of Qlik Sense (QS Apr 2019):files/116/view.html:text/html}
}

@misc{noauthor_kibana_2015,
	title = {Kibana connect to {Oracle}},
	url = {https://discuss.elastic.co/t/direct-kibana-connection-to-oracle-db/31712/2},
	language = {en-US},
	urldate = {2019-07-11},
	journal = {Discuss the Elastic Stack},
	month = oct,
	year = {2015},
	annote = {Kibana kann nicht direkt mit einer Oracle Db verbunden werden. Es müsste ein umweg über LogstashJDBC gemacht werden
 },
	file = {Snapshot:files/119/31712.html:text/html}
}

@misc{noauthor_qlik_2019-1,
	title = {Qlik {Sense}},
	url = {https://www.qlik.com/us/products/qlik-sense},
	abstract = {Embedded:
Open APIs and complete developer tools enable you to embed analytics, build custom analytic apps, or create new visualizations and extensions},
	language = {en},
	urldate = {2019-07-11},
	month = jul,
	year = {2019},
	file = {Snapshot:files/121/qlik-sense.html:text/html}
}

@misc{noauthor_kibana:_2019,
	title = {Kibana: {Daten} visualisieren, analysieren und erkunden {\textbar} {Elastic}},
	shorttitle = {Kibana},
	url = {https://www.elastic.co/de/products/kibana},
	abstract = {Nachdem Sie Kibana oder den kompletten Elastic Stack kostenlos heruntergeladen haben, können Sie sofort damit beginnen, Ihre Daten zu visualisieren, zu analysieren und zu erkunden.},
	language = {de-de},
	urldate = {2019-07-11},
	month = jul,
	year = {2019},
	file = {Snapshot:files/123/kibana.html:text/html}
}

@misc{noauthor_data_2019,
	title = {Data {Analytics} - {Was} ist {Data} {Analytics}? {\textbar} {Data} {Analytics} {Grundlagen}},
	shorttitle = {Data {Analytics} - {Was} ist {Data} {Analytics}?},
	url = {http://www.datenbanken-verstehen.de/business-intelligence/data-analytics-grundlagen/data-analytics/},
	abstract = {Data Analytics – Was ist Data Analytics? Data Analytics ist ein wissenschaftliches Vorgehen, Daten aus verschiedenen Datenquellen zu extrahieren und zu untersuchen. Das Ziel ist es, Schlussfolgerungen aus den Daten zu ziehen, die in einem bestimmten Zusammenhang zueinander stehen. Im Vordergrund steht die Auswertung bekannter Daten. Der Begriff Data Analytics …},
	language = {de-DE},
	urldate = {2019-07-11},
	journal = {Datenbanken - für Anfänger und Profis},
	month = jul,
	year = {2019}
}

@misc{noauthor_qlik_2019-2,
	title = {Qlik {Pricing}},
	url = {https://www.qlik.com/us/pricing},
	language = {en},
	urldate = {2019-07-10},
	month = jul,
	year = {2019},
	file = {Snapshot:files/126/pricing.html:text/html}
}

@misc{noauthor_qlik_2019-3,
	title = {Qlik},
	url = {https://www.qlik.com/us},
	abstract = {Discover the only end-to-end data management and analytics platform built to transform your entire business. Trusted by over 48,000 customers worldwide.},
	language = {en},
	urldate = {2019-07-10},
	month = jul,
	year = {2019},
	file = {Snapshot:files/128/us.html:text/html}
}

@misc{d3js,
	title = {D3.js - {Data}-{Driven} {Documents}},
	url = {https://d3js.org/},
	abstract = {D3 is a JavaScript library for visualizing data with HTML, SVG, and CSS.},
	urldate = {2019-07-10},
	author = {Bostock, Mike},
	month = jul,
	year = {2019},
	file = {Snapshot:files/130/d3js.org.html:text/html}
}

@misc{noauthor_python_2019,
	title = {Python import {Pandas}},
	url = {https://pandas.pydata.org/},
	urldate = {2019-07-09},
	month = jul,
	year = {2019},
	file = {Python Data Analysis Library — pandas\: Python Data Analysis Library:files/132/pandas.pydata.org.html:text/html}
}

@misc{noauthor_dash_2019,
	title = {Dash {Guide} 2 - {Layout}},
	url = {https://dash.plot.ly/getting-started},
	abstract = {Step 2},
	urldate = {2019-07-09},
	month = jul,
	year = {2019},
	file = {Dash User Guide and Documentation - Dash by Plotly:files/134/getting-started.html:text/html}
}

@misc{noauthor_dash_2019-1,
	title = {Dash {Guid} 3 - {Callbacks}},
	url = {https://dash.plot.ly/getting-started-part-2},
	urldate = {2019-07-09},
	month = jul,
	year = {2019},
	file = {Dash User Guide and Documentation - Dash by Plotly:files/136/getting-started-part-2.html:text/html}
}

@misc{noauthor_infogram_2019,
	title = {Infogram},
	url = {https://infogram.com/},
	abstract = {Infogram is an easy to use infographic and chart maker. Create and share beautiful infographics, online reports, and interactive maps. Make your own here.},
	language = {en},
	urldate = {2019-07-09},
	journal = {Infogram},
	month = jul,
	year = {2019},
	file = {Snapshot:files/138/infogram.com.html:text/html}
}

@misc{noauthor_infogram_2019-1,
	title = {Infogram {Pricing}},
	url = {https://infogram.com/pricing},
	abstract = {Use Infogram to tell visual stories with data. Start for free or sign up for a paid plan to take your content to the next level. Check out our pricing here.},
	language = {en},
	urldate = {2019-07-09},
	journal = {Infogram},
	month = jul,
	year = {2019},
	file = {Snapshot:files/140/pricing.html:text/html}
}

@misc{lastorina_review_2017,
	title = {Review of 20 best big data visualization tools},
	url = {https://bigdata-madesimple.com/review-of-20-best-big-data-visualization-tools/},
	abstract = {How do I get a clean and engaging visualization for all my data? Will it be time consuming? Am I going to spend months preparing everything?},
	language = {en-US},
	urldate = {2019-07-09},
	journal = {Big Data Made Simple},
	author = {L’Astorina, Author Edoardo},
	month = sep,
	year = {2017},
	file = {Snapshot:files/142/review-of-20-best-big-data-visualization-tools.html:text/html}
}

@misc{noauthor_tableau_2019,
	title = {Tableau {Preise}},
	url = {https://www.tableau.com/de-de/pricing/teams-orgs},
	abstract = {Erwerben Sie den für Ihr Team passenden Mix von Tableau-Lizenzen für Creator, Explorer und Viewer.},
	language = {de},
	urldate = {2019-07-09},
	journal = {Tableau Software},
	month = jul,
	year = {2019},
	file = {Snapshot:files/144/teams-orgs.html:text/html}
}

@misc{noauthor_tableau_2019-1,
	title = {Tableau},
	url = {https://www.tableau.com/de-de/products},
	abstract = {Erfahren Sie mehr über die Tableau-Produkte, die Sie dabei unterstützen können, in Minutenschnelle eine Verbindung zu Daten herzustellen, eine Visualisierung zu erstellen und Ihre Ergebnisse freizugeben.},
	language = {de},
	urldate = {2019-07-09},
	journal = {Tableau Software},
	month = jul,
	year = {2019},
	file = {Snapshot:files/146/products.html:text/html}
}

@misc{noauthor_nginx_nodate,
	title = {Nginx reverse {Proxy} configuration},
	url = {https://www.linode.com/docs/web-servers/nginx/use-nginx-reverse-proxy/}
}

@misc{noauthor_fehler_nodate,
	title = {Fehler das man nicht {Kibana} auf port 80 mappen kann in linux},
	url = {https://discuss.elastic.co/t/change-kibana-port-from-5601-to-80-got-errors/57196/5}
}

@misc{noauthor_nginx_nodate-1,
	title = {Nginx tutorial, noch nicht wirklich probiert weil das file nicht saven will(nano probieren)},
	url = {https://www.hostinger.com/tutorials/how-to-set-up-nginx-reverse-proxy/}
}

@misc{noauthor_data_nodate,
	title = {data analytics git repository von mic},
	url = {https://mic-git.mic.co.at/core/data-analytics-py/src/master}
}

@misc{noauthor_alter_nodate,
	title = {alter session für oracle date output formatting},
	url = {http://www.java2s.com/Code/Oracle/SQL-Plus/altersessionsetnlsdateformatddMONyyyyhh24miss.htm}
}

@misc{noauthor_date_nodate,
	title = {Date {Formats} von {ES}},
	url = {https://www.elastic.co/guide/en/elasticsearch/reference/current/date.html}
}

@misc{noauthor_match_nodate,
	title = {Match all documents in index},
	url = {https://www.elastic.co/guide/en/elasticsearch/reference/current/query-dsl-match-all-query.html}
}

@misc{noauthor_how_nodate,
	title = {How to use {Bulk} to import multiple docs},
	url = {http://queirozf.com/entries/elasticsearch-bulk-inserting-examples}
}