@misc{ETL-Explained,
    title = {ETL \& Data Warehousing Explained: ETL Tool Basics},
    url = {https://www.xplenty.com/blog/etl-data-warehousing-explained-etl-tool-basics/},
    note = {Zuletzt aufgerufen am 02.04.2020}
}

@misc{ETL-Process,
    title = {ETL (Extract, Transform, and Load) Process},
    url = {https://www.guru99.com/etl-extract-load-process.html},
    note = {Zuletzt aufgerufen am 02.04.2020}
}

@misc{Portainer,
    title = {Portainer.io},
    url = {https://www.portainer.io},
    note = {Zuletzt aufgerufen am 02.04.2020}
}

@misc{IntelliJ-Background,
    title = {IntelliJ Background},
    url = {https://en.wikipedia.org/wiki/IntelliJ_IDEA},
    note = {Zuletzt aufgerufen am 02.04.2020}
}

@misc{JetBrains-IDEA,
    title = {IntelliJ IDEA},
    url = {https://www.jetbrains.com/idea/},
    note = {Zuletzt aufgerufen am 02.04.2020}
}

@misc{Gradle-Background,
    title = {Gradle Background},
    url = {https://de.wikipedia.org/wiki/Gradle},
    note = {Zuletzt aufgerufen am 02.04.2020}
}

@misc{Build-Automation,
    title = {Build-Automation},
    url = {https://en.wikipedia.org/wiki/Build_automation},
    note = {Zuletzt aufgerufen am 02.04.2020}
}

@misc{Gradle-Choice,
    title = {What is Gradle? Why Google choose it as an official build tool for Android.},
    url = {https://medium.com/jay-tillu/what-is-gradle-why-google-choose-it-as-official-build-tool-for-android-adafbff4034},
    note = {Zuletzt aufgerufen am 02.04.2020}
}

@misc{Vim-Background,
    title = {Vim-Background},
    url = {https://en.wikipedia.org/wiki/Vim_(text_editor)},
    note = {Zuletzt aufgerufen am 02.04.2020}
}

@misc{Vim-Besonderheit,
    title = {Vim-Besonderheit},
    url = {https://www.vim.org/others.php},
    note = {Zuletzt aufgerufen am 02.04.2020}
}

@misc{Databus-GitHub,
    title = {LinkedIn's Databus GitHub Repo. },
    url = { https://github.com/linkedin/databus},
    note = {Zuletzt aufgerufen am 02.04.2020}
}

@misc{CDC,
    title = {Change-Data-Capture},
    url = {https://www.qlik.com/us/change-data-capture/cdc-change-data-capture
},
    note = {Zuletzt aufgerufen am 02.04.2020}
}

@misc{Databus-Open-Sourcing},
    title = {Open sourcing Databus: LinkedIn's low latency change data capture system},
    url = {https://engineering.linkedin.com/data-replication/open-sourcing-databus-linkedins-low-latency-change-data-capture-system},
    note = {Zuletzt aufgerufen am 02.04.2020}
}

@misc{Kafka-Open-Sourcing,
    title = {Open-sourcing Kafka, LinkedIn's distributed message queue},
    url = {https://blog.linkedin.com/2011/01/11/open-source-linkedin-kafka},
    note = {Zuletzt aufgerufen am 02.04.2020}
}

@misc{Kafka-Apache-Incubator,
    title = {Kafka Incubation Status},
    url = {https://blog.linkedin.com/2011/01/11/open-source-linkedin-kafka},
    note = {Zuletzt aufgerufen am 02.04.2020}
}

@misc{Kafka-Introduction,
    title = {Kafka-Introduction},
    url = {https://kafka.apache.org/intro.html},
    note = {Zuletzt aufgerufen am 02.04.2020}
}

@misc{Cluster-Definition,
    title = {Cluster-Definition},
    url = {http://www.businessdictionary.com/definition/cluster.html},
    note = {Zuletzt aufgerufen am 02.04.2020}
}

@misc{Apache-ZooKeeper,
    title = {Apache-ZooKeeper},
    url = {https://zookeeper.apache.org},
    note = {Zuletzt aufgerufen am 02.04.2020}
}

@misc{Kafka-Architecture,
    title = {Kafka Architecture},
    url = {http://cloudurable.com/blog/kafka-architecture/index.html},
    note = {Zuletzt aufgerufen am 02.04.2020}
}

@misc{ZooKeeper-Video,
    title = {What is Zookeeper?},
    url = {https://www.youtube.com/watch?v=AS5a91DOmks},
    note = {Zuletzt aufgerufen am 02.04.2020}
}

@misc{Kotlin-Lang,
    title = {Kotlin-Lang},
    url = {https://kotlinlang.org},
    note = {Zuletzt aufgerufen am 02.04.2020}
}

@misc{Kotlin-Basic-Syntax,
    title = {Kotlin-Basic-Syntax},
    url = {https://kotlinlang.org/docs/reference/basic-syntax.html},
    note = {Zuletzt aufgerufen am 02.04.2020}
}

@misc{Fake-Apache-Log-Generator,
    title = {Fake-Apache-Log-Generator},
    url = {https://github.com/kiritbasu/Fake-Apache-Log-Generator},
    note = {Zuletzt aufgerufen am 02.04.2020}
}

@misc{Kafka-Quickstart,
    title = {Kafka-Quickstart},
    url = {https://kafka.apache.org/quickstart},
    note = {Zuletzt aufgerufen am 02.04.2020}
}