
@misc{noauthor_was_nodate,
	title = {Was ist {Amazon} {EC2}? - {Amazon} {Elastic} {Compute} {Cloud}},
	url = {https://docs.aws.amazon.com/de_de/AWSEC2/latest/UserGuide/concepts.html},
	urldate = {2020-01-21},
	file = {Was ist Amazon EC2? - Amazon Elastic Compute Cloud:C\:\\Users\\alena\\Zotero\\storage\\R4M5HYXI\\concepts.html:text/html}
}

@misc{noauthor_was_nodate-1,
	title = {Was ist {AWS}? {Sicheres} {Cloud} {Computing} mit {Amazon} {Web} {Services} ({AWS})},
	shorttitle = {Was ist {AWS}?},
	url = {https://aws.amazon.com/de/what-is-aws/},
	abstract = {Fragen Sie sich, was AWS ist? Amazon Web Services (AWS) ist eine sichere Plattform für Cloud Computing, die Rechenleistung, Datenbankspeicherung, Bereitstellen von Inhalten bietet. Entdecken Sie, sicheres Cloud Computing mit AWS und steigen Sie jetzt kostenlos ein.},
	language = {de-DE},
	urldate = {2020-01-15},
	journal = {Amazon Web Services, Inc.},
	file = {Snapshot:C\:\\Users\\alena\\Zotero\\storage\\ZAU94IIK\\what-is-aws.html:text/html}
}

@misc{noauthor_beliebteste_nodate,
	title = {Die beliebteste {Datenbank} für moderne {Apps}},
	url = {https://www.mongodb.com/de},
	abstract = {Wir haben MongoDB entwickelt, die beliebteste Datenbank für moderne Apps, und MongoDB Atlas, die globale Clouddatenbank für AWS, Azure und GCP. So können Sie Daten praktisch überall in Echtzeit organisieren, nutzen und anreichern.},
	language = {en-us},
	urldate = {2019-12-26},
	journal = {MongoDB},
	file = {Snapshot:C\:\\Users\\alena\\Zotero\\storage\\WXQIY7TB\\de.html:text/html}
}

@misc{march_21_rejson_2017,
	title = {{ReJSON} - {Use} {Redis} as a {JSON} {Store}},
	url = {https://redislabs.com/blog/redis-as-a-json-store/},
	abstract = {In the past, Redis was unable to handle JSON values. Enter ReJSON. This module provides a new data type that is tailored for fast and efficient manipulation of JSON documents and should make any Redis user giddy with JSON joy. Find out more about ReJSON here.},
	language = {en-US},
	urldate = {2019-07-31},
	journal = {Redis Labs},
	author = {March 21 and {2017}},
	month = mar,
	year = {2017},
	file = {Snapshot:C\:\\Users\\alena\\Zotero\\storage\\A5UAGCTC\\redis-as-a-json-store.html:text/html}
}

@misc{noauthor_faust_nodate,
	title = {Faust - {Python} {Stream} {Processing} — {Faust} 1.7.4 documentation},
	url = {https://faust.readthedocs.io/en/latest/},
	urldate = {2019-07-31},
	file = {Faust - Python Stream Processing — Faust 1.7.4 documentation:C\:\\Users\\alena\\Zotero\\storage\\T4H4U8S4\\latest.html:text/html}
}

@misc{noauthor_python:_nodate,
	title = {python: can't open file 'app.py' · {Issue} \#1616 · docker/compose · {GitHub}},
	url = {https://github.com/docker/compose/issues/1616},
	urldate = {2019-07-31},
	file = {python\: can't open file 'app.py' · Issue #1616 · docker/compose · GitHub:C\:\\Users\\alena\\Zotero\\storage\\MI8PAQGA\\1616.html:text/html}
}

@misc{noauthor_data_nodate,
	title = {Data {Pipeline}: {Send} {Logs} {From} {Kafka} to {Cassandra} - {DZone} {Big} {Data}},
	shorttitle = {Data {Pipeline}},
	url = {https://dzone.com/articles/data-pipeline-send-logs-from-kafka-to-cassandra},
	abstract = {A developer shares how to work with Apache Kafka and Apache Cassandra to create data pipelines and send logs, writing your code in Python and queries in CQL.},
	language = {en},
	urldate = {2019-07-25},
	journal = {dzone.com},
	file = {Snapshot:C\:\\Users\\alena\\Zotero\\storage\\64W4Y3X6\\data-pipeline-send-logs-from-kafka-to-cassandra.html:text/html}
}

@misc{noauthor_download_nodate,
	title = {Download {DBeaver} {EE} – {DBeaver}},
	url = {https://dbeaver.com/download/},
	urldate = {2019-07-22},
	file = {Download DBeaver EE – DBeaver:C\:\\Users\\alena\\Zotero\\storage\\Y4JVX8UY\\download.html:text/html}
}

@misc{noauthor_tarantool_nodate,
	title = {Tarantool vs {Redis} - {By}},
	url = {https://hackernoon.com/tarantool-vs-redis-38a4041cc4bc},
	urldate = {2019-07-17},
	file = {Tarantool vs Redis - By:C\:\\Users\\alena\\Zotero\\storage\\NURCQFA6\\tarantool-vs-redis-38a4041cc4bc.html:text/html}
}

@misc{noauthor_jepsen:_nodate,
	title = {Jepsen: {MongoDB}},
	url = {https://aphyr.com/posts/284-call-me-maybe-mongodb},
	urldate = {2019-07-15},
	file = {Jepsen\: MongoDB:C\:\\Users\\alena\\Zotero\\storage\\IY7F977W\\284-call-me-maybe-mongodb.html:text/html}
}

@misc{noauthor_jepsen:_nodate-1,
	title = {Jepsen: {Cassandra}},
	url = {https://aphyr.com/posts/294-call-me-maybe-cassandra},
	urldate = {2019-07-15},
	file = {Jepsen\: Cassandra:C\:\\Users\\alena\\Zotero\\storage\\QEPC27EI\\294-call-me-maybe-cassandra.html:text/html}
}

@misc{noauthor_broken_nodate,
	title = {Broken by {Design}: {MongoDB} {Fault} {Tolerance}},
	shorttitle = {Broken by {Design}},
	url = {http://hackingdistributed.com/2013/01/29/mongo-ft/},
	abstract = {MongoDB claims that it provides fault-tolerance. In this note, I explain why and how it falls short.},
	urldate = {2019-07-15},
	journal = {Hacking Distributed}
}

@misc{noauthor_rancher_nodate,
	title = {Rancher},
	url = {http://192.168.56.10:8080/login?timedOut=true},
	urldate = {2019-07-15},
	file = {Rancher:C\:\\Users\\alena\\Zotero\\storage\\2B77DU4E\\login.html:text/html}
}

@misc{noauthor_what_nodate,
	title = {What is {Docker} {Hub}? - {Definition} from {WhatIs}.com},
	shorttitle = {What is {Docker} {Hub}?},
	url = {https://searchitoperations.techtarget.com/definition/Docker-Hub},
	abstract = {This definition explains the meaning of Docker Hub and its role in the Docker ecosystem as a central container image repository.},
	language = {en},
	urldate = {2019-07-15},
	journal = {SearchITOperations},
	file = {Snapshot:C\:\\Users\\alena\\Zotero\\storage\\229MT3XW\\Docker-Hub.html:text/html}
}

@misc{noauthor_get_nodate,
	title = {Get {Started} with {Docker}},
	url = {https://www.docker.com/get-started},
	abstract = {Learn about the complete container solution provided by Docker. Find information for developers, IT operations, and business executives.},
	language = {en},
	urldate = {2019-07-15},
	journal = {Docker},
	file = {Snapshot:C\:\\Users\\alena\\Zotero\\storage\\UFTSBACF\\get-started.html:text/html}
}

@misc{anikin_what_2016,
	title = {What an in-memory database is and how it persists data efficiently},
	url = {https://medium.com/@denisanikin/what-an-in-memory-database-is-and-how-it-persists-data-efficiently-f43868cff4c1},
	abstract = {Hey guys.},
	language = {en},
	urldate = {2019-07-15},
	journal = {Medium},
	author = {Anikin, Denis},
	month = oct,
	year = {2016},
	file = {Snapshot:C\:\\Users\\alena\\Zotero\\storage\\WXUANRJM\\what-an-in-memory-database-is-and-how-it-persists-data-efficiently-f43868cff4c1.html:text/html}
}

@misc{noauthor_-memory_2019,
	title = {In-memory database},
	copyright = {Creative Commons Attribution-ShareAlike License},
	url = {https://en.wikipedia.org/w/index.php?title=In-memory_database&oldid=901249811},
	abstract = {An in-memory database (IMDB, also main memory database system or MMDB or memory resident database) is a database management system that primarily relies on main memory for computer data storage. It is contrasted with database management systems that employ a disk storage mechanism. In-memory databases are faster than disk-optimized databases because disk access is slower than memory access, the internal optimization algorithms are simpler and execute fewer CPU instructions. Accessing data in memory eliminates seek time when querying the data, which provides faster and more predictable performance than disk.Applications where response time is critical, such as those running telecommunications network equipment and mobile advertising networks, often use main-memory databases. IMDBs have gained a lot of traction, especially in the data analytics space, starting in the  mid-2000s – mainly due to multi-core processors that can address large memory and due to less expensive RAM.A potential technical hurdle with in-memory data storage is the volatility of RAM. Specifically in the event of a power loss, intentional or otherwise, data stored in volatile RAM is lost. With the introduction of non-volatile random access memory technology, in-memory databases will be able to run at full speed and maintain data in the event of power failure.},
	language = {en},
	urldate = {2019-07-15},
	journal = {Wikipedia},
	month = jun,
	year = {2019},
	note = {Page Version ID: 901249811},
	file = {Snapshot:C\:\\Users\\alena\\Zotero\\storage\\YUDAL542\\index.html:text/html}
}

@misc{noauthor_docker_nodate,
	title = {Docker to {Docker} {Oracle} 12c {Connection}},
	url = {https://dba.stackexchange.com/questions/209712/docker-to-docker-oracle-12c-connection},
	urldate = {2019-07-12},
	journal = {Database Administrators Stack Exchange},
	file = {Snapshot:C\:\\Users\\alena\\Zotero\\storage\\E5U4SETR\\docker-to-docker-oracle-12c-connection.html:text/html}
}

@misc{noauthor_docker_2018,
	title = {Docker {Explained} {\textbar} {What} is {Docker} {\textbar} {Docker} {Simplified}},
	url = {https://www.edureka.co/blog/docker-explained/},
	abstract = {This Docker explained blog is an introductory blog on Docker which covers all the fundamental concepts of Docker, i.e, Dockerfile, images, containers, etc.},
	language = {en-US},
	urldate = {2019-07-12},
	journal = {Edureka},
	month = nov,
	year = {2018},
	file = {Snapshot:C\:\\Users\\alena\\Zotero\\storage\\BZN7EVQZ\\docker-explained.html:text/html}
}

@misc{noauthor_enterprise_nodate,
	title = {Enterprise {Container} {Platform} {\textbar} {Docker}},
	url = {https://www.docker.com/},
	urldate = {2019-07-12},
	file = {Enterprise Container Platform | Docker:C\:\\Users\\alena\\Zotero\\storage\\TYX5LSVE\\www.docker.com.html:text/html}
}

@misc{noauthor_redis_nodate,
	title = {Redis},
	url = {https://redis.io/},
	urldate = {2019-07-12},
	file = {Redis:C\:\\Users\\alena\\Zotero\\storage\\SUH7SH5T\\redis.io.html:text/html}
}

@misc{noauthor_iaas-paas-saas-comparison-1024x759.jpg_nodate,
	title = {iaas-paas-saas-comparison-1024x759.jpg (1024×759)},
	url = {https://blogs.bmc.com/wp-content/uploads/2017/09/iaas-paas-saas-comparison-1024x759.jpg},
	urldate = {2019-07-11},
	file = {iaas-paas-saas-comparison-1024x759.jpg (1024×759):C\:\\Users\\alena\\Zotero\\storage\\C9GLWX63\\iaas-paas-saas-comparison-1024x759.html:text/html}
}

@misc{raney_five_2018,
	title = {Five {Minute} {Guide}: {Getting} {Started} with {Cassandra} on {Docker}},
	shorttitle = {Five {Minute} {Guide}},
	url = {https://medium.com/@michaeljpr/five-minute-guide-getting-started-with-cassandra-on-docker-4ef69c710d84},
	abstract = {If you’re reading this, there’s a good chance your management has come to you with the task of evaluating modern data platforms. Whether…},
	language = {en},
	urldate = {2019-07-10},
	journal = {Medium},
	author = {Raney, Michael},
	month = may,
	year = {2018},
	file = {Snapshot:C\:\\Users\\alena\\Zotero\\storage\\N3G89X47\\five-minute-guide-getting-started-with-cassandra-on-docker-4ef69c710d84.html:text/html}
}

@misc{noauthor_cassandra_nodate,
	title = {Cassandra vs. {MongoDB}},
	url = {https://scalegrid.io/blog/cassandra-vs-mongodb/},
	urldate = {2019-07-10},
	file = {Cassandra vs. MongoDB:C\:\\Users\\alena\\Zotero\\storage\\9CQJU7II\\cassandra-vs-mongodb.html:text/html}
}

@misc{aslam_installing_2017,
	title = {Installing {Apache} {ZooKeeper} on {Windows} - {Shahrukh} {Aslam}},
	url = {https://medium.com/@shaaslam/installing-apache-zookeeper-on-windows-45eda303e835},
	abstract = {Download and Extract Apache Zookeeper using 7-Zip
Download: http://zookeeper.apache.org/releases.html\#download},
	language = {en},
	urldate = {2019-07-10},
	journal = {Medium},
	author = {Aslam, Shahrukh},
	month = feb,
	year = {2017},
	file = {Snapshot:C\:\\Users\\alena\\Zotero\\storage\\NJUZUZKR\\installing-apache-zookeeper-on-windows-45eda303e835.html:text/html}
}

@misc{noauthor_docker_2019,
	title = {Docker overview},
	url = {https://docs.docker.com/engine/docker-overview/},
	abstract = {Docker explained in depth},
	language = {en},
	urldate = {2019-07-10},
	journal = {Docker Documentation},
	month = jul,
	year = {2019},
	file = {Snapshot:C\:\\Users\\alena\\Zotero\\storage\\XK8RV43R\\docker-overview.html:text/html}
}

@misc{noauthor_apache_nodate,
	title = {Apache {Kafka}},
	url = {https://kafka.apache.org/documentation.html#gettingStarted},
	urldate = {2019-07-09},
	file = {Apache Kafka:C\:\\Users\\alena\\Zotero\\storage\\J6QIG465\\documentation.html:text/html}
}

@misc{noauthor_cassandra_nodate-1,
	title = {cassandra - {Docker} {Hub}},
	url = {https://hub.docker.com/_/cassandra},
	urldate = {2019-07-09},
	file = {cassandra - Docker Hub:C\:\\Users\\alena\\Zotero\\storage\\I9TSU36D\\cassandra.html:text/html}
}

@misc{noauthor_json_nodate,
	title = {{JSON} {Support} {Cassandra}},
	url = {http://cassandra.apache.org/doc/latest/cql/json.html},
	urldate = {2019-07-09}
}

@misc{noauthor_brief_nodate,
	title = {A {Brief} {Description} - {C}++ {Information}},
	url = {http://www.cplusplus.com/info/description/},
	urldate = {2019-07-09},
	file = {A Brief Description - C++ Information:C\:\\Users\\alena\\Zotero\\storage\\J7B3JWGJ\\description.html:text/html}
}

@misc{noauthor_json_nodate-1,
	title = {{JSON}},
	url = {http://www.ecma-international.org/publications/files/ECMA-ST/ECMA-404.pdf}
}

@misc{noauthor_docker_nodate-1,
	title = {Docker {Enterprise} {Container} {Platform}},
	url = {https://www.docker.com/products/docker-enterprise},
	abstract = {Learn how Docker Enterprise can help manage your entire application portfolio across any operating system, infrastructure or orchestrator.},
	language = {en},
	urldate = {2019-07-09},
	journal = {Docker},
	file = {Snapshot:C\:\\Users\\alena\\Zotero\\storage\\PV2SY8PV\\docker-enterprise.html:text/html}
}

@misc{noauthor_grundlagen_nodate,
	title = {Grundlagen der {NoSQL}-{Datenbank} {Apache} {Cassandra}},
	url = {https://www.bigdata-insider.de/grundlagen-der-nosql-datenbank-apache-cassandra-a-512231/},
	abstract = {Cassandra zählt, neben MongoDB, zu den derzeit populärsten NoSQL-Datenbanken. Cassandra ist als skalierbares, ausfallsicheres System für den Umgang mit großen Datenmengen auf verteilten Systemen (Clustern) konzipiert. In drei Teilen erläutert BigData-Insider die architektonischen Merkmale von Cassandra, erklärt die Inbetriebnahme sowie grundlegende Prinzipien und illustriert erste Schritte mit der Abfragesprache Cassandra Query Language (CQL).},
	language = {de},
	urldate = {2020-03-17},
	note = {Library Catalog: www.bigdata-insider.de},
	file = {Snapshot:C\:\\Users\\alena\\Zotero\\storage\\SI8TUP5J\\grundlagen-der-nosql-datenbank-apache-cassandra-a-512231.html:text/html}
}