
@misc{bashar_architekturvorgabe_2019,
	title = {Die {Architekturvorgabe} von {MIC}},
	language = {Englisch},
	author = {Bashar, Ahmad},
	month = jul,
	year = {2019},
	note = {internes Dokument der Firma MIC Linz},
	file = {Data Analytics.pptx:files/179/Data Analytics.pptx:application/vnd.openxmlformats-officedocument.presentationml.presentation}
}